
@book{sonka2008image,
  title={Image Processing, Analysis, and Machine Vision},
  author={Sonka, M. and Hlavac, V. and Boyle, R.},
  isbn={9780495082521},
  lccn={2007921908},
  year={2008},
  publisher={Nelson Education Limited}
}

@INPROCEEDINGS{Benezeth, 
 author={Benezeth, Y. and Jodoin, P.-M. and Emile, B. and Laurent, H. and Rosenberger, C.}, 
 booktitle={Pattern Recognition, 2008. ICPR 2008. 19th International Conference on},
 title={Review and evaluation of commonly-implemented background subtraction algorithms}, 
 year={2008}, 
 pages={1-4}, 
 doi={10.1109/ICPR.2008.4760998}, 
 ISSN={1051-4651}
}

@INPROCEEDINGS{BS03, 
 author={Piccardi, M.}, 
 booktitle={Systems, Man and Cybernetics, 2004 IEEE International Conference on}, 
 title={Background subtraction techniques: a review}, 
 year={2004}, 
 volume={4}, 
 pages={3099-3104 vol.4}, 
 doi={10.1109/ICSMC.2004.1400815}, 
 ISSN={1062-922X}
}


















































